@Comment А вот так оформляется библиография при помощи BibTeX.
/*
@book{sapr,
  author         = {Берлинер Э.М., Таратынов О.В.},
  title          = {САПР конструктора машиностроителя},
  publisher      = {М. : Форум : ИНФРА-М},
  year           = {2015},
  language = "russian",
}
@online{article:solid_modeling,
  title = {Solid modeling complex machining},
  url = {https://www.3dsystems.com/solid-modeling-complex-machining},
  urldate = {07.07.2021},
  language = "english"
}
@online{article:3d,
  author = {ScienceDaily},
  title = {3D computer graphics},
  url = {https://www.sciencedaily.com/terms/3d_computer_graphics.htm},
  urldate = {07.07.2021},
  language = "english"
}
@misc{cpu_or_gpu,
	title="CPU vs. GPU Rendering: Which Is Best for Your Studio Projects? [Электронный ресурс]",
	howpublished="Режим доступа: \url{https://renderpool.net/blog/cpu-vs-gpu-rendering/} (дата обращения: 07.07.2021)"
}
@misc{lec:modeling_schemes,
  title="Lecture 8 Solid Modeling.Assembly Modeling. [Электронный ресурс]",
	howpublished="Режим доступа: \url{https://transport.itu.edu.tr/docs/librariesprovider99/dersnotlari/dersnotlarimak537e/notlar/8-solid-and-assembly-modeling.pdf?sfvrsn=4} (дата обращения: 10.07.2021)"
}
@misc{lecture_solid_modeling,
  title="Solid Modeling. Lectures. [Электронный ресурс]",
	howpublished="Режим доступа: \url{https://www.cs.brandeis.edu/~cs155/} (дата обращения: 10.07.2021)"
}
@online{octree,
  title="Разбиение объектного пространства сцены путём построения octree-дерева",
  url = {https://gamedev.ru/articles/?id=30114},
  urldate = {10.07.2021},
  language = "russian"
}
@book{main_modeling,
  title          = {Основы геометрического моделирования в машиностроении},
  publisher      = {Издательство Самарского университета},
  year           = {2017},
  language       = "russian"
}
@online{article:rendering,
  title = {The science of 3d rendering},
  url = {http://digitalarchaeology.org.uk/the-science-of-3d-rendering/},
  urldate = {11.07.2021},
  language = "english"
}
@misc{article:rasterization,
  title = {3D Rasterization–Unifying Rasterization and Ray Casting},
	howpublished="Режим доступа: \url{https://www.researchgate.net/publication/228373400_3D_Rasterization-Unifying_Rasterization_and_Ray_Casting} (дата обращения: 11.07.2021)"
}
@misc{article:rastr_image,
  title = {Raster graphics},
	howpublished="Режим доступа: \url{https://vector-conversions.com/vectorizing/raster_vs_vector.html} (дата обращения: 11.07.2021)"
}
@misc{nvidia:rastr,
  title="What’s the Difference Between Ray Tracing and Rasterization? [Электронный ресурс]",
	howpublished="Режим доступа: \url{https://blogs.nvidia.com/blog/2018/03/19/whats-difference-between-ray-tracing-rasterization/} (дата обращения: 11.07.2021)"
}
@online{article:raycasting,
  author = {Habr},
  title = {Обучение технологии ray-casting, часть 1},
  url = {https://habr.com/ru/post/515256/},
  urldate = {12.07.2021},
  language = "russian"
}
@online{article:who_to_work_raytrace,
  author = {TechGeek},
  title = {Как работает технология Рейтрейсинг},
  url = {https://tech-geek.ru/ray-tracing/},
  urldate = {12.07.2021},
  language = "russian"
}
@online{article:raymarch_unity,
  author = {Adrian Biagioli},
  title = {Raymarching Distance Fields: Concepts and Implementation in Unity},
  url = {http://adrianb.io/2016/10/01/raymarching.html},
  urldate = {12.07.2021},
  language = "english"
}
@online{article:who_to_work_3d,
  author = {Дмитрий Кучеренко},
  title = {Как на самом деле работает 3D графика},
  url = {https://media-xyz.com/ru/articles/1270-kak-na-samom-dele-rabotaet-3d-grafika},
  urldate = {12.07.2021},
  language = "russian"
}
@misc{article:cpu_gpu,
  title="CPU vs GPU Rendering: Uncover the Best Choice For Your Projects? [Электронный ресурс]",
	howpublished="Режим доступа: \url{https://digitaladvisor.com/cpu/cpu-vs-gpu-rendering/} (дата обращения: 12.07.2021)"
  }
@misc{article:shaders,
  title="Shader — это не магия. Написание шейдеров в Unity. Введение [Электронный ресурс]",
	howpublished="Режим доступа: \url{https://habr.com/ru/post/473638/} (дата обращения: 16.08.2021)"
  }
@misc{impl:js,
	title="JavaScript -- official site. [Электронный ресурс].",
	howpublished="Режим доступа: \url{https://www.javascript.com/} (дата обращения: 29.11.2021)",
}
@misc{impl:vscode,
	title="Visual Studio Code - Code Editing. Redefined. [Электронный ресурс].",
	howpublished="Режим доступа: \url{https://code.visualstudio.com} (дата обращения: 29.11.2021)",
}
@misc{impl:dat_gui,
  title="dat.GUI. A lightweight graphical user interface for changing variables in JavaScript. [Электронный ресурс].",
  howpublished="Режим доступа: \url{https://github.com/dataarts/dat.gui} (дата обращения: 29.11.2021)",
}
@misc{impl:stats_js,
  title="JavaScript Performance Monitor. [Электронный ресурс].",
  howpublished="Режим доступа: \url{https://github.com/mrdoob/stats.js} (дата обращения: 29.11.2021)",
}
@misc{impl:three_js,
  title="Three JS",
  howpublished="Режим доступа: \url{https://threejs.org/docs/} (дата обращения: 29.11.2021)",
}
@misc{impl:python,
  title="Python 3 documentation",
  howpublished="Режим доступа: \url{https://docs.python.org/3/index.html} (дата обращения: 29.11.2021)",
}